@article{toulson2010,
  doi = {10.1021/ef901047r},
  year = {2010},
  month = {feb},
  publisher = {American Chemical Society ({ACS})},
  volume = {24},
  number = {2},
  pages = {888--896},
  author = {Elisa Toulson and Casey M. Allen and Dennis J. Miller and Tonghun Lee},
  title = {Modeling the Auto-Ignition of Oxygenated Fuels using a Multistep Model},
  journal = {Energy {\&} Fuels}
}

@article{vandersickel2013,
  doi = {10.1080/13647830.2013.822992},
  year = {2013},
  month = {dec},
  publisher = {Informa {UK} Limited},
  volume = {17},
  number = {6},
  pages = {1020--1052},
  author = {A. Vandersickel and Y. M. Wright and K. Boulouchos},
  title = {Global reaction mechanism for the auto-ignition of full boiling range gasoline and kerosene fuels},
  journal = {Combustion Theory and Modelling}
}
 
@article{sun2017,
  doi = {10.1016/j.proci.2016.05.058},
  year = {2017},
  publisher = {Elsevier {BV}},
  volume = {36},
  number = {1},
  pages = {1269--1278},
  author = {Wenyu Sun and Guoqing Wang and Shuang Li and Ruzheng Zhang and Bin Yang and Jiuzhong Yang and Yuyang Li and Charles K. Westbrook and Chung K. Law},
  title = {Speciation and the laminar burning velocities of poly(oxymethylene) dimethyl ether 3 ({POMDME}3) flames: An experimental and modeling study},
  journal = {Proceedings of the Combustion Institute}
}

@article{He2018,
  doi = {10.1016/j.fuel.2017.09.080},
  url = {https://doi.org/10.1016/j.fuel.2017.09.080},
  year = {2018},
  month = jan,
  publisher = {Elsevier {BV}},
  volume = {212},
  pages = {223--235},
  author = {Tanjin He and Zhi Wang and Xiaoqing You and Haoye Liu and Yingdi Wang and Xiaoyu Li and Xin He},
  title = {A chemical kinetic mechanism for the low- and intermediate-temperature combustion of Polyoxymethylene Dimethyl Ether 3 ({PODE}3)},
  journal = {Fuel}
}

@inproceedings{Cai2019,
author = {Cai, Liming and Jacob, Sascha and vom Lehn, Florian and Langer, Raymond and Heufer, Alexander and Pitsch, Heinz},
year = {2019},
month = {01},
pages = {},
title = {Automatic mechanism generation for auto-ignition of the promising e-fuels oxymethylene ethers (OMEn, n = 2-4)}
}

@conference{Jacobs2019,
author = {S. Jacobs and K.A. Heufer},
year = {2019},
title = {An experimental and theoretical comparison of the novel e-fuel class oxymethylene ether}
}

@article{Lin2019,
  year = {2019},
  month = apr,
  publisher = {Elsevier {BV}},
  volume = {185},
  pages = {35--43},
  author = {Qinjie Lin and Kun Lin Tay and Dezhi Zhou and Wenming Yang},
  title = {Development of a compact and robust Polyoxymethylene Dimethyl Ether 3 reaction mechanism for internal combustion engines},
  journal = {Energy Conversion and Management}
}

@article{Lv2019,
  year = {2019},
  month = nov,
  publisher = {Elsevier {BV}},
  volume = {199},
  pages = {112070},
  author = {Delin Lv and Yingjie Chen and Yaojuan Chen and Xiaoyu Guo and Hui Chen and Haozhong Huang},
  title = {Development of a reduced diesel/{PODEn} mechanism for diesel engine application},
  journal = {Energy Conversion and Management}
}

@article{Huang2019,
  year = {2019},
  month = jan,
  publisher = {Elsevier {BV}},
  volume = {236},
  pages = {313--324},
  author = {Haozhong Huang and Zhongju Li and Wenwen Teng and Chenzhong Zhou and Rong Huang and Haifeng Liu and Mingzhang Pan},
  title = {Influence of n-butanol-diesel-{PODE}3-4 fuels coupled pilot injection strategy on combustion and emission characteristics of diesel engine},
  journal = {Fuel}
}

@book{turns2012introduction,
  title={An Introduction to Combustion: Concepts and Applications},
  author={Turns, S.R.},
  isbn={9780071086875},
  lccn={2010034538},
  series={McGraw-Hill series in mechanical engineering},
  url={https://books.google.de/books?id=idM8twAACAAJ},
  year={2012},
  publisher={McGraw-Hill}
}

@article{Ren2019,
  doi = {10.1016/j.fuel.2018.10.111},
  url = {https://doi.org/10.1016/j.fuel.2018.10.111},
  year = {2019},
  month = feb,
  publisher = {Elsevier {BV}},
  volume = {238},
  pages = {208--224},
  author = {Shuojin Ren and Zhi Wang and Bowen Li and Haoye Liu and Jianxin Wang},
  title = {Development of a reduced polyoxymethylene dimethyl ethers ({PODEn}) mechanism for engine applications},
  journal = {Fuel}
}

@article{Chung2015,
  year = {2015},
  month = dec,
  publisher = {Elsevier {BV}},
  volume = {93},
  pages = {1505--1514},
  author = {Jinhwa Chung and Seunghyeon Lee and Hyunsoo An and Soonho Song and Kwang Min Chun},
  title = {Rapid-compression machine studies on two-stage ignition characteristics of hydrocarbon autoignition and an investigation of new gasoline surrogates},
  journal = {Energy}
}

@article{Bekdemir2013,
  year = {2013},
  month = jan,
  publisher = {Elsevier {BV}},
  volume = {34},
  number = {2},
  pages = {3067--3074},
  author = {C. Bekdemir and L.M.T. Somers and L.P.H. de Goey and J. Tillou and C. Angelberger},
  title = {Predicting diesel combustion characteristics with Large-Eddy Simulations including tabulated chemical kinetics},
  journal = {Proceedings of the Combustion Institute}
}